<?xml version="1.0" encoding="UTF-8"?><collection xmlns="http://www.loc.gov/MARC21/slim"><record><leader>00379nam--2200121-i-4500</leader><controlfield tag="001">000005671</controlfield><controlfield tag="002">20161230</controlfield><controlfield tag="005">20161230201026</controlfield><controlfield tag="008">060222s1000------------r-----000-0-eng-d</controlfield><datafield ind1=" " ind2=" " tag="100"><subfield code="a">Cote, A.J., Oakes, J.B</subfield></datafield><datafield ind1=" " ind2=" " tag="245"><subfield code="a">Linear vacuum-tube and transistor circuits. a unified treatment of linear active circuits</subfield></datafield><datafield ind1=" " ind2=" " tag="260"><subfield code="a">New York, Mcgraw-hill Book Co., Inc., 1961</subfield></datafield><datafield ind1=" " ind2=" " tag="490"><subfield code="a">Xxvi+411p</subfield></datafield></record></collection>